<record><leader>00000cas a22000007a 4500</leader><controlfield tag="001">15534417</controlfield><controlfield tag="008">870415d19uu1912inudr ne      0    0eng d</controlfield><datafield ind1=" " ind2=" " tag="010"><subfield code="a">sn 87056084 </subfield></datafield><datafield ind1=" " ind2=" " tag="040"><subfield code="a">NPI</subfield><subfield code="b">eng</subfield><subfield code="c">NPI</subfield><subfield code="d">OCLCQ</subfield></datafield><datafield ind1=" " ind2=" " tag="042"><subfield code="a">msc</subfield></datafield><datafield ind1="0" ind2="4" tag="245"><subfield code="a">The Richmond morning news.</subfield></datafield><datafield ind1=" " ind2=" " tag="260"><subfield code="a">[Richmond, Ind.] :</subfield><subfield code="b">Quaker City Print. and Pub. Co.</subfield></datafield><datafield ind1=" " ind2=" " tag="310"><subfield code="a">Daily</subfield></datafield><datafield ind1="1" ind2=" " tag="362"><subfield code="a">Ceased Feb. 28, 1912?</subfield></datafield><datafield ind1=" " ind2=" " tag="515"><subfield code="a">Issue for Feb. 28, 1912 lacks vol. designation but constitutes v. 4.</subfield></datafield><datafield ind1=" " ind2=" " tag="515"><subfield code="a">Suspended with [v. 4], no. 165 (Feb. 28, 1912).</subfield></datafield><datafield ind1=" " ind2=" " tag="588"><subfield code="a">Description based on: Vol. 1, no. 4 (Apr. 18, 1908).</subfield></datafield><datafield ind1=" " ind2=" " tag="752"><subfield code="a">United States</subfield><subfield code="b">Indiana</subfield><subfield code="c">Wayne</subfield><subfield code="d">Richmond.</subfield></datafield></record>